@manual{V406,
  author = {TU Dortmund},
  title = {Versuchsbeschreibung der WÃ¤rmepume},
  year = {2020}
}
