@manual{anleitung,
  author = {TU Dortmund},
  title = {V702 - Aktivierung mit Neutronen},
  year = 2021
  }

@manual{hinweise,
  author = {TU Dortmund},
  title = {Daten und Hinweise zum Versuch Aktivierung mit Neutronen},
  year = 2021
}

@online{vanadium,
  url = {http://www.periodensystem-online.de/index.php?id=isotope&el=23&mz=52&show=nuklid&sel=zf},
  urldate = {2021-01-31},
  title = {Eigenschaften Vanadium 52 - das Periodensystem online},
  author = {Rene Rausch},
  year = 2021
}

@online{rhodium,
  url = {https://www.internetchemie.info/chemische-elemente/rhodium-isotope.php},
  urldate = {2021-01-31},
  title = {Liste, Daten und Eigenschaften aller bekannten natürlichen und künstlichen Isotope des Rhodiums sowie radioaktive Zerfallsprodukte bzw. Zwischenprodukte.},
  author = {Internetchemie ChemLin},
  year = 2021
}