@manual{Anleitung,
  author = {TU Dortmund},
  title = {V203: Verdampfungsw채rme und Dampfdruckkurve},
  year = 2020
}

@online{Verdampfungsw채re,
  url = {https://ap.physik.uni-konstanz.de/AP-public/Anleitungen/Dampfdruck-Luftdichte-Luftfeuchtigkeit.pdf},
  urldate = {2020-12-06},
  title = {Dampfdruckkurve von Wasser},
  author = {Universit채t Konstanz, Fakult채t Physik},
  year = {2020}
}

