@manual{V311,
  author = {TU Dortmund},
  title = {Versuchsanleitung zu Versuch V311: Hall-Effekt ud Elektrizitätsleitung bei Metallen},
  year = {2020},
}

@online{ m0,
url = {https://www.chemie.de/lexikon/Elektron.html},
urldate = {2020-12-19},
title = {Literaturwert für die Ruhemasse eines Elektrons },
year = {2020},
}

@online{ Planck,
url = {https://www.chemie.de/lexikon/Plancksches_Wirkungsquantum.html},
urldate = {2020-12-19},
title = {Literaturwerte für das Plancksche Wirkungsquantum},
year = {2020},
}

@online{e0,
url = {https://www.chemie.de/lexikon/Elementarladung.html},
urldate = {2020-12-19},
title = {Literaturwert für die Elementarladung},
year = {2020},
}

@online{mCu,
url = {},
urldate = {2020-12-19},
title = {Literaturwert für die Masse eines Kupferatoms},
year = {},
}

@online{spezid,
url = {https://www.elektrotechnik.ch/fileadmin/elektrotechnik.ch/documents/Bilder/artikel_0910_fassbind.pdf},
urldate = {2020-12-19},
title = {Elektrische Leiter - Alternativen zu Kupfer?},
year = {2009},
}

@online{transport,
url = {http://www.semibyte.de/wp/stem/physics/transporteigenschaften-von-reinem-kupfer/},
urldate = {2020-12-19},
title = {Transporteigenschaften von reinem Kupfer},
year = {2013},
}

@online{beweglichkeit,
url = {https://www.tf.uni-kiel.de/matwis/amat/mw_for_et/kap_8/exercise/s8_1_1.html},
urldate = {2020-12-19},
title = {Bestimme typische Zahlenwerte für die Beweglichkeit},
year = {2020},
}