@manual{sample,
  author = {TU Dortmund},
  title = {Versuchsanleitung Dopplersonographie},
  year = 2021
}
