@manual{sample,
  author = {TU Dortmund},
  title = {Versuch zum Literaturverzeichnis},
  year = 2014
}

@online{litval,
  url = {https://www.schweizer-fn.de/stoff/wleit_metall/wleit_metall.php},
  urldate = {2021-06-20},
  title = {Formelsammlung und Berechnungsprogramme Maschinen- und Anlagenbau},
  author = {Schweizer FN},
  year = 2021
}