@online{wiki,
  url = {https://de.wikipedia.org/wiki/Kleinwinkeln%C3%A4herung}
  urldate = {2020-11-03}
  author = {Wikipedia},
  title = {Kleinwinkeln√§herung},
  year = 2020
}

@manual{doc,
  author = {TU Dortmund},
  title = {Versuchsbeschreibung zu gekoppelten Pendeln},
  year = {2020}
}