@manual{sample,
  author = {TU Dortmund},
  title = {Versuch zum Literaturverzeichnis},
  year = 2014
}

@online{brechind,
    url = {https://www.chemie.de/lexikon/Brechzahl.html},
    urldate = {2021-11-04},
    title = {Brechzahl},
    year = {2021},
}
