@manual{sample,
  author = {TU Dortmund},
  title = {V603 - Compton-Effekt},
  year = 2021
}

@online{theo,
  url = {https://physics.nist.gov/PhysRefData/XrayTrans/Html/search.html},
  urldate = {2021-04-23},
  title = {X-ray Transistion Energies Database},
  author = {National Institute of Standards and Technology}
}