@manual{anleitung,
  author = {TU Dortmund},
  title = {V602 - RÃ¶ntgenemission und -absorption},
  year = 2021
}

@online{nist,
  url = {https://physics.nist.gov/cgi-bin/XrayTrans/search.pl?element=Zn&trans=All&lower=&upper=&units=eV},
  urldate = {2021-06-07},
  author = {National Institute of Science and Technology},
  title = {X-Ray Transistion Energies Database},
  year = 2021
}