@manual{anleitung,
  author = {TU Dortmund},
  title = {Anleitung zum Versuch V354 - Ged√§mpfte und erzwungene Schwingungen},
  year = 2021
}
