@manual{doc,
  author = {TU Dortmund},
  title = {Versuchsbeschreibung der Wärmepume},
  year = {2020}
}

@manual{hinweise,
  author = {TU Dortmund},
  title = {Daten und Hinweise},
  year = {2020}
}

@online{ulm,
  url = {https://www.uni-ulm.de/fileadmin/website_uni_ulm/nawi.inst.251/Didactics/thermodynamik/INHALT/HS1.HTM},
  urldate = {29-10-2020},
  author = {Universität Ulm},
  title = {Die Hauptsätze der Thermodynamik},
  year = {2020}
}

@online{wärme,
  url = {https://www.physik.tu-darmstadt.de/media/fachbereich_physik/phys_studium/phys_studium_bachelor/phys_studium_bsc_praktika/phys_studium_bsc_praktika_gp/phys_studium_bsc_praktika_gp_waermelehre/w10/w10.pdf},
  urldate = {30-10-2020},
  author = {Technische Universität Darmstadt},
  title = {Physikalisches Grundpraktikum, Abteilung Wärmelehre: die Wärmepumpe},
  year = {2020}
}

@online{wiki,
  url = {https://en.wikipedia.org/wiki/Dichlorodifluoromethane},
  urldate = {02-11-2020},
  author = {Wikipedia},
  title = {Dichlorodifluoromethane},
}