@manual{sample,
  author = {TU Dortmund},
  title = {Versuchsanleitung Photoeffekt},
  year = 2021
}

@online{wiki,
  author = {wikipedia},
  title = {Quecksilberdampflampe},
  website = {https://de.wikipedia.org/wiki/Quecksilberdampflampe#Arten_und_Anwendungen}
  year = 2021
}
