@manual{sample,
  author = {TU Dortmund},
  title = {V103 - Biegung elastischer Stäbe},
  year = 2021
}

@online{dichten,
  url = {https://www.hug-technik.com/inhalt/ta/metall.htm},
  urldate = {2021-07-03},
  title = {Eigenschaften Tabelle Metall.}
}

@online{eisen,
  url = {https://www.tf.uni-kiel.de/matwis/amat/mw1_ge/kap_7/illustr/t7_1_2.html},
  urldate = {2021-07-03},
  title = {Elastizitätsmodul in Zahlen.}
}

@online{messing,
  url = {https://www.chemie.de/lexikon/Elastizit%C3%A4tsmodul.html},
  urldate = {2021-07-03},
  title = {Elastizitätsmodul.}
}